<?xml version="1.0" encoding="UTF-8"?>
<record xmlns="http://www.loc.gov/MARC21/slim" xmlns:xsi="http://www.w3.org/2001/XMLSchema-instance" xsi:schemaLocation="http://www.loc.gov/MARC21/slim http://www.loc.gov/standards/marcxml/schema/MARC21slim.xsd">
<leader>     cam a22002530  4500</leader>
<controlfield tag="001">002740895</controlfield>
<controlfield tag="003">NNU</controlfield>
<controlfield tag="005">19940713181853.0</controlfield>
<controlfield tag="008">860124s1953    ua            001 0 ara d</controlfield>
<datafield tag="035" ind1="9" ind2=" ">
<subfield code="a">NYUb10439751</subfield>
</datafield>
<datafield tag="035" ind1=" " ind2=" ">
<subfield code="a">GLIS004397510</subfield>
</datafield>
<datafield tag="035" ind1=" " ind2=" ">
<subfield code="a">(CStRLIN)NYUG86-B2489</subfield>
</datafield>
<datafield tag="040" ind1=" " ind2=" ">
<subfield code="a">NNU</subfield>
<subfield code="c">NNU</subfield>
</datafield>
<datafield tag="090" ind1=" " ind2=" ">
<subfield code="i">03/04/86 T</subfield>
<subfield code="h">02/12/86 CT</subfield>
</datafield>
<datafield tag="100" ind1="1" ind2=" ">
<subfield code="a">Ibn al-Najjār, Taqī al-Dīn Muḥammad ibn Aḥmad,</subfield>
<subfield code="d">1492 or 3-1564 or 5.</subfield>
</datafield>
<datafield tag="245" ind1="1" ind2="0">
<subfield code="a">Sharḥ al-kawkab al-munīr, al-musammī, bi-Mukhtaṣar al-ṭahrīr, wa-al-musammī ayḍan, al-Mukhtaṣar al-mubtakar sharḥ al-mukhtaṣar fī uṣūl fiqh al-sādah al-Ḥanābilah /</subfield>
<subfield code="c">taʼlīf Taqī al-Dīn Abī al-Baqaʼ Muḥammad ibn Shihāb al-Dīn Abī al-ʻAbbās Aḥmad ibn ʻAbd al-ʻAzīz ibn ʻAlī ibn Ibrāhīm al-Futūḥi ; bi-taḥqīq Muḥammad Ḥāmid al-Faqī.</subfield>
</datafield>
<datafield tag="250" ind1=" " ind2=" ">
<subfield code="a">Ṭabʻ 1.</subfield>
</datafield>
<datafield tag="260" ind1=" " ind2=" ">
<subfield code="a">[Cairo] :</subfield>
<subfield code="b">Maktabat al-Sunnah al-Muḥammadīyah,</subfield>
<subfield code="c">1953.</subfield>
</datafield>
<datafield tag="300" ind1=" " ind2=" ">
<subfield code="a">668, 8, 29 p. ;</subfield>
<subfield code="c">24 cm.</subfield>
</datafield>
<datafield tag="500" ind1=" " ind2=" ">
<subfield code="a">Includes index.</subfield>
</datafield>
<datafield tag="600" ind1="1" ind2="0">
<subfield code="a">Mardāwī, ʻAlī ibn Sulaymān,</subfield>
<subfield code="d">1414 or 15-1480 or 81.</subfield>
<subfield code="t">Taḥrīr al-manqūl.</subfield>
</datafield>
<datafield tag="740" ind1="0" ind2=" ">
<subfield code="a">Mukhtaṣar al-taḥrīr.</subfield>
</datafield>
<datafield tag="740" ind1="3" ind2=" ">
<subfield code="a">al-Mukhtaṣar al-mubtakar sharḥ al-mukhtaṣar fī uṣūl fiqh al-sādah al-Ḥanābilah.</subfield>
</datafield>
<datafield tag="OWN" ind1=" " ind2=" ">
<subfield code="a">GENERAL</subfield>
</datafield>
<datafield tag="950" ind1=" " ind2=" ">
<subfield code="l">BMAIN</subfield>
<subfield code="a">BP155</subfield>
<subfield code="b">.I26 1953</subfield>
<subfield code="h">02/12/86 C</subfield>
</datafield>
<datafield tag="955" ind1=" " ind2=" ">
<subfield code="l">BMAIN</subfield>
<subfield code="c">1</subfield>
<subfield code="h">02/12/86 C</subfield>
</datafield>
<datafield tag="AVA" ind1=" " ind2=" ">
<subfield code="a">NYU50</subfield>
<subfield code="b">BOBST</subfield>
<subfield code="c">Main Collection</subfield>
<subfield code="d">BP155 .I26 1953</subfield>
<subfield code="e">unavailable</subfield>
<subfield code="t">Unavailable</subfield>
<subfield code="f">1</subfield>
<subfield code="g">1</subfield>
<subfield code="h">N</subfield>
<subfield code="i">0</subfield>
<subfield code="j">MAIN</subfield>
<subfield code="k">0</subfield>
</datafield>
</record>
